<?xml version="1.0" encoding="UTF-8" ?>
<collection xmlns:xsi="http://www.w3.org/2001/XMLSchema-instance"
    xsi:schemaLocation="http://www.loc.gov/MARC21/slim
        http://www.loc.gov/standards/marcxml/schema/MARC21slim.xsd"
    xmlns="http://www.loc.gov/MARC21/slim">
<record>
  <leader>00272cam a2200529 ia4500</leader>
  <controlfield tag="001">b12459161</controlfield>
  <controlfield tag="003">LeBAU</controlfield>
  <controlfield tag="005">20190823</controlfield>
  <controlfield tag="008">970523m19331935le            ||1 0 ara d</controlfield>
  <datafield tag="035" ind1=" " ind2=" ">
    <subfield code="a">ocn784325682</subfield>
  </datafield>
  <datafield tag="040" ind1=" " ind2=" ">
    <subfield code="a">LEAUB</subfield>
    <subfield code="b">ara</subfield>
    <subfield code="e">rda</subfield>
    <subfield code="c">LEAUB</subfield>
    <subfield code="d">LEAUB</subfield>
  </datafield>
  <datafield tag="082" ind1="0" ind2="4">
    <subfield code="a">349.569</subfield>
    <subfield code="2">22</subfield>
  </datafield>
  <datafield tag="110" ind1="1" ind2=" ">
    <subfield code="6">880-01</subfield>
    <subfield code="a">Syria,</subfield>
    <subfield code="e">issuing body.</subfield>
  </datafield>
  <datafield tag="240" ind1="1" ind2="0">
    <subfield code="6">880-02</subfield>
    <subfield code="a">Laws, etc.</subfield>
  </datafield>
  <datafield tag="245" ind1="1" ind2="0">
    <subfield code="6">880-03</subfield>
    <subfield code="a">Majmūʻat muqarrarāt Ḥukūmat Sūriyā :</subfield>
    <subfield code="b">wa-hiya tashtamil ʻalá al-qawānīn wa-al-marāsīm wa-al-qarārāt allatī ṣadarat mundhu al-iḥtilāl ākhir Aylūl sanat 1918 ilá yawminā hadhā /</subfield>
    <subfield code="c">jamaʻahā wa-rattabahā Yūsuf Ṣādir, ṣāḥib al-Majallah al-Qaḍāʼīyah fī Bayrūt.</subfield>
  </datafield>
  <datafield tag="246" ind1="1" ind2="5">
    <subfield code="a">Muqarrarāt Ḥukūmat Sūriyā ʻām 1934</subfield>
    <subfield code="b">dequis l'occupation fin Septembre 1918 jusqu'à nos jours</subfield>
    <subfield code="i">Volume 8 has title:</subfield>
  </datafield>
  <datafield tag="246" ind1="1" ind2=" ">
    <subfield code="6">880-04</subfield>
    <subfield code="i">عنوان الجزء الثامن:</subfield>
    <subfield code="a">مقررات الحكومة السورية عام 1934</subfield>
  </datafield>
  <datafield tag="264" ind1=" " ind2="1">
    <subfield code="6">880-05</subfield>
    <subfield code="a">Bayrūt :</subfield>
    <subfield code="b">Maṭbaʻat Ṣādir,</subfield>
    <subfield code="c">1933-1935.</subfield>
  </datafield>
  <datafield tag="300" ind1=" " ind2=" ">
    <subfield code="6">880-06</subfield>
    <subfield code="a">8 volumes ;</subfield>
    <subfield code="c">24 cm</subfield>
  </datafield>
  <datafield tag="336" ind1=" " ind2=" ">
    <subfield code="a">text</subfield>
    <subfield code="b">txt</subfield>
    <subfield code="2">rdacontent</subfield>
  </datafield>
  <datafield tag="337" ind1=" " ind2=" ">
    <subfield code="a">unmediated</subfield>
    <subfield code="b">n</subfield>
    <subfield code="2">rdamedia</subfield>
  </datafield>
  <datafield tag="338" ind1=" " ind2=" ">
    <subfield code="a">volume</subfield>
    <subfield code="b">nc</subfield>
    <subfield code="2">rdacarrier</subfield>
  </datafield>
  <datafield tag="500" ind1=" " ind2=" ">
    <subfield code="a">يتضمن كشاف.</subfield>
  </datafield>
  <datafield tag="500" ind1=" " ind2=" ">
    <subfield code="a">في رأس العنوان: للقضاء والتاريخ.</subfield>
  </datafield>
  <datafield tag="505" ind1="0" ind2=" ">
    <subfield code="a">الجزء الأول. من سنة 1918-1921 --الجزء الثاني. من سنة 1922-1924 --الجزء الثالث. من بدء  1925 إلى آخر حزيران 1926 --الجزء الرابع. من أول تموز 1926 إلى آخر حزيران 1928 --الجزء الخامس. من أول تموز 1928 إلى آخر سنة 1929 --الجزء السادس. من أول كانون الثاني 1930 إلى أواخر حزيران سنة 1931 --الجزء السابع. من تموز سنة 1931 حتى آخر سنة 1933 --الجزء الثامن. عام 1934.</subfield>
  </datafield>
  <datafield tag="650" ind1=" " ind2="4">
    <subfield code="a">القانون</subfield>
    <subfield code="z">سوريا.</subfield>
  </datafield>
  <datafield tag="650" ind1=" " ind2="0">
    <subfield code="a">Law</subfield>
    <subfield code="z">Syria.</subfield>
  </datafield>
  <datafield tag="700" ind1="1" ind2=" ">
    <subfield code="6">880-07</subfield>
    <subfield code="a">Ṣādir, Yūsuf Ibrāhīm.</subfield>
    <subfield code="e">compiler.</subfield>
    <subfield code="0">https://lccn.loc.gov/n82046969 ,</subfield>
  </datafield>
  <datafield tag="852" ind1=" " ind2=" ">
    <subfield code="a">Jafet Library</subfield>
    <subfield code="e">American University of Beirut, Bliss Street , Beirut, Lebanon.</subfield>
  </datafield>
  <datafield tag="880" ind1="1" ind2="0">
    <subfield code="6">240-02/(3/r</subfield>
    <subfield code="a">قوانين، إلخ.</subfield>
  </datafield>
  <datafield tag="880" ind1="1" ind2=" ">
    <subfield code="6">110-01/(3/r</subfield>
    <subfield code="a">سوريا،</subfield>
    <subfield code="e">هيئة اصدار. </subfield>
    <subfield code="4">isb.</subfield>
  </datafield>
  <datafield tag="880" ind1="1" ind2="0">
    <subfield code="6">245-03/(3/r</subfield>
    <subfield code="a">مجموعة مقررات حكومة سوريا :</subfield>
    <subfield code="b">وهي تشتمل على القوانين والمراسيم والقرارات التي صدرت في سوريا منذ الإحتلال آخر ايلول سنة 1918 الى يومنا هذا /</subfield>
    <subfield code="c">جمعها ورتبها يوسف صادر، صاحب المجلة القضائية في بيروت.</subfield>
  </datafield>
  <datafield tag="880" ind1="1" ind2=" ">
    <subfield code="6">246-04/(3/r</subfield>
    <subfield code="i">Volume 8 has title:</subfield>
    <subfield code="a">Recueil des lois, decrets et arrêtés de l'Etat de Syrie :</subfield>
  </datafield>
  <datafield tag="880" ind1=" " ind2="1">
    <subfield code="6">264-05/(3/r</subfield>
    <subfield code="a">بيروت :</subfield>
    <subfield code="b">مطبعة صادر،</subfield>
    <subfield code="c">1933-1935.</subfield>
  </datafield>
  <datafield tag="880" ind1=" " ind2=" ">
    <subfield code="6">300-06/(3/r</subfield>
    <subfield code="a">8 أجزاء ؛</subfield>
    <subfield code="c">24 سم</subfield>
  </datafield>
  <datafield tag="880" ind1="1" ind2=" ">
    <subfield code="6">700-07/(3/r</subfield>
    <subfield code="a">صادر، يوسف إبراهيم،</subfield>
    <subfield code="0">https://lccn.loc.gov/n82046969 ,</subfield>
    <subfield code="e">معد. </subfield>
    <subfield code="4">com.</subfield>
  </datafield>
  <datafield tag="907" ind1=" " ind2=" ">
    <subfield code="a">.b12459161</subfield>
    <subfield code="b">19-09-26</subfield>
    <subfield code="c">11-05-24</subfield>
  </datafield>
  <datafield tag="907" ind1=" " ind2=" ">
    <subfield code="a">.b12459161</subfield>
    <subfield code="b">15-10-15</subfield>
    <subfield code="c">11-05-24</subfield>
  </datafield>
  <datafield tag="945" ind1=" " ind2=" ">
    <subfield code="f">J</subfield>
    <subfield code="a">349.569:Su96majA:v.1</subfield>
    <subfield code="i">01022342</subfield>
    <subfield code="j">.i12939444</subfield>
    <subfield code="l">u0503</subfield>
  </datafield>
  <datafield tag="945" ind1=" " ind2=" ">
    <subfield code="f">J</subfield>
    <subfield code="a">349.569:Su96majA:v.2</subfield>
    <subfield code="i">01022343</subfield>
    <subfield code="j">.i12939456</subfield>
    <subfield code="l">u0503</subfield>
  </datafield>
  <datafield tag="945" ind1=" " ind2=" ">
    <subfield code="f">J</subfield>
    <subfield code="a">349.569:Su96majA:v.3</subfield>
    <subfield code="i">01022344</subfield>
    <subfield code="j">.i12939468</subfield>
    <subfield code="l">u0503</subfield>
  </datafield>
  <datafield tag="945" ind1=" " ind2=" ">
    <subfield code="f">J</subfield>
    <subfield code="a">349.569:Su96majA:v.4</subfield>
    <subfield code="i">01022345</subfield>
    <subfield code="j">.i1293947x</subfield>
    <subfield code="l">u0503</subfield>
  </datafield>
  <datafield tag="945" ind1=" " ind2=" ">
    <subfield code="f">J</subfield>
    <subfield code="a">349.569:Su96majA:v.5</subfield>
    <subfield code="i">01022346</subfield>
    <subfield code="j">.i12939481</subfield>
    <subfield code="l">u0503</subfield>
  </datafield>
  <datafield tag="945" ind1=" " ind2=" ">
    <subfield code="f">J</subfield>
    <subfield code="a">349.569:Su96majA:v.6</subfield>
    <subfield code="i">01022347</subfield>
    <subfield code="j">.i12939493</subfield>
    <subfield code="l">u0503</subfield>
  </datafield>
  <datafield tag="945" ind1=" " ind2=" ">
    <subfield code="f">J</subfield>
    <subfield code="a">349.569:Su96majA:v.7</subfield>
    <subfield code="i">01022348</subfield>
    <subfield code="j">.i1293950x</subfield>
    <subfield code="l">u0503</subfield>
  </datafield>
  <datafield tag="945" ind1=" " ind2=" ">
    <subfield code="f">J</subfield>
    <subfield code="a">349.569:Su96majA:v.8</subfield>
    <subfield code="i">01022349</subfield>
    <subfield code="j">.i12939511</subfield>
    <subfield code="l">u0503</subfield>
  </datafield>
  <datafield tag="998" ind1=" " ind2=" ">
    <subfield code="a">u05</subfield>
    <subfield code="b">97-05-23</subfield>
    <subfield code="c">m</subfield>
    <subfield code="d">a  </subfield>
    <subfield code="e">-</subfield>
    <subfield code="f">ara</subfield>
    <subfield code="g">le </subfield>
    <subfield code="h">0</subfield>
    <subfield code="i">8</subfield>
  </datafield>
</record>
</collection>
